% Encoding: UTF-8

@Book{gmodse,
  author    = {Herbert Dowalil},
  title     = {Grundlagen des modularen Softwareentwurfs},
  year      = {2018},
  subtitle  = {Der Bau langlebiger Mikro- und Makro-Architekturen wie Microservvices und SOA 2.0},
  publisher = {Carl Hanser Verlag},
  location  = {München},
  isbn      = {978-3-446-45509-2},
}

@Book{soaidp,
  author    = {Nicolai Josuttis},
  title     = {SOA in der Praxis},
  year      = {2008},
  publisher = {dpunkt.verlag GmbH},
  location  = {Heidelberg},
  isbn      = {978-3-89864-476-1},
}

@Book{jws,
  author    = {Friedrich Kiltz},
  title     = {Java Webservices},
  year      = {2010},
  publisher = {Mitp Verlag},
  location  = {Frechen},
  isbn      = {978-3-8266-5601-9},
}

@Book{soamws,
  author    = {Ingo Melzer},
  title     = {Service-orientierte Architekturen mit Web Services},
  year      = {2007},
  edition   = {2},
  publisher = {Elsevier Spektrum Akademischer Verlag},
  location  = {Heidelberg},
  isbn      = {978-3-8274-1885-2},
}

@Online{onlinelexikonsa,
  title   = {Softwarearchitektur},
  year    = {2019},
  url     = {http://www.enzyklopaedie-der-wirtschaftsinformatik.de/lexikon/Members/sinz},
  urldate = {2019-08-28},
}

@Book{biography,
  author    = {Ben R. Rich},
  title     = {Clarence Leonard (Kelly) Johnson},
  year      = {1995},
  subtitle  = {A Biographical Memoir },
  publisher = {National Acedemies Press},
  location  = {Washington D.C.},
}

@Book{parmas,
  author    = {Parnas, David L.},
  title     = {On the Criteria to Be Used in Decomposing Systems into Modules},
  year      = {2001},
  editor    = {Broy, Manfred and Denert, Ernst},
  subtitle  = {Pioneers and Their Contributions to Software Engineering: Conference on Software Pioneers, Bonn, June 28/29, 2001, Original Historic Contributions},
  publisher = {Springer Verlag},
  isbn      = {978-3-642-48354-7},
  address   = {Berlin, Heidelberg},
}

@Book{verteiltesys,
  author    = {Alexander Schill and Thomas Springer},
  title     = {Verteilte Systeme},
  year      = {2012},
  subtitle  = {Grundlagen und Basistechnologien},
  edition   = {2},
  publisher = {Springer Verlag},
  location  = {Heidelberg},
  isbn      = {978-3-642-25795-7},
}

@Online{cloudstatista,
  author       = {Kantar},
  editor       = {Statista},
  title        = {Bitkom, Nutzung von Cloud Computing in Unternehmen in Deutschland in den Jahren 2011 bis 2018},
  year         = {2019},
  url          = {https://de.statista.com/statistik/daten/studie/177484/umfrage/einsatz-von-cloud-computing-in-deutschen-unternehmen-2011},
  organization = {Statista GmbH},
  urldate      = {2019-08-14},
}

@Online{oasisspec,
  title    = {Reference Architecture Foundation for Service Oriented Architecture V. 1.0},
  year     = {2012},
  url      = {http://docs.oasis-open.org/soa-rm/soa-ra/v1.0/cs01/soa-ra-v1.0-cs01.html#_Toc343761540},
  subtitle = {Committee Specification 01},
  urldate  = {2019-08-15},
}

@Online{oasis,
  title   = {OASIS SOA Reference Model TC},
  year    = {2005},
  url     = {https://www.oasis-open.org/committees/tc_home.php?wg_abbrev=soa-rm},
  urldate = {2019-08-15},
}

@Online{w3soa,
  title   = {Simple Object Access Protocol (SOAP) 1.1},
  year    = {2000},
  url     = {%https://www.w3.org/TR/2000/NOTE-SOAP-20000508/},
  urldate = {2020-07-19},
}

@Online{apiarchive,
  title   = {APIs show Faster Growth Rate in 2019 than Previous Years},
  year    = {2019},
  url     = {https://www.programmableweb.com/news/apis-show-faster-growth-rate-2019-previous-years/research/2019/07/17},
  urldate = {2019-08-19},
}

@Online{mensa,
  title   = {Wissenschaftlicher DGE-Kongress in Fulda},
  year    = {2016},
  url     = {https://www.dge.de/presse/pm/der-mensch-ist-was-er-isst-1/},
  urldate = {2019-08-20},
}

@Online{mensaws,
  title   = {Speiseplan Hof},
  year    = {2019},
  url     = {https://www.studentenwerk-oberfranken.de/index.php?id=91&tx_bwrkspeiseplan_speiseplanplugin[showAction]=day},
  urldate = {2019-09-09},
}

@Online{appstore,
  author       = {Kantar},
  editor       = {Statista},
  title        = {Anzahl der verfügbaren Apps in den Top App-Stores im 2. Quartal 2019},
  year         = {2019},
  url          = {https://de.statista.com/statistik/daten/studie/208599/umfrage/anzahl-der-apps-in-den-top-app-stores/},
  organization = {Statista GmbH},
  urldate      = {2019-08-26},
}

@Online{aws,
  title   = {AWS Elastic Beanstalk},
  year    = {2019},
  url     = {https://docs.aws.amazon.com/de_de/elasticbeanstalk/latest/dg/Welcome.html},
  urldate = {2019-09-02},
}

@Online{docker,
  title   = {Was sind Docker-Container?},
  year    = {2017},
  url     = {https://www.dev-insider.de/was-sind-docker-container-a-597762/},
  urldate = {2019-09-02},
}

@Online{netflix,
  title   = {Netflix-Fallstudie},
  year    = {2016},
  url     = {https://aws.amazon.com/de/solutions/case-studies/netflix/},
  urldate = {2019-09-02},
}

@Online{httpwiki,
  title   = {HTTP/Anfragemethoden},
  date    = {2018},
  url     = {https://wiki.selfhtml.org/wiki/HTTP/Anfragemethoden},
  urldate = {2019-10-06},
}

@Thesis{andreasba,
  author      = {Andreas Glaser},
  title       = {Web-basierte Hochschul-App},
  institution = {Hochschule für angewandte Wissenschaften Hof},
  year        = {2019},
  subtitle    = {Authentifizierung und Personalisierung},
}

@Thesis{dnpa,
  author      = {Dennis Brysiuk and Noah Lehmann},
  title       = {Web-basierte Hochschul-App (Praxisarbeit)},
  institution = {Hochschule für angewandte Wissenschaften Hof},
  year        = {2019},
  subtitle    = {Modulare Web-Architektur},
}

@Thesis{andreaspa,
  author      = {Andreas Glaser},
  title       = {Web-basierte Hochschul-App (Praxisarbeit)},
  institution = {Hochschule für angewandte Wissenschaften Hof},
  year        = {2019},
  subtitle    = {Authentifizierung und Personalisierung},
}

@Reference{umfrage,
  editor = {Dennis Brysiuk and Noah Lehmann},
  title  = {Umfrage zur Nutzung der Hochschul-Apps},
  year   = {2019},
}

@Online{mobileosstatista,
  author       = {Kantar},
  title        = {Marktanteile der mobilen Betriebssysteme am Absatz von Smartphones in Deutschland im 2. Quartal der Jahre 2018 und 2019},
  year         = {2019},
  url          = {https://de.statista.com/statistik/daten/studie/177484/umfrage/einsatz-von-cloud-computing-in-deutschen-unternehmen-2011},
  organization = {Statista GmbH},
  urldate      = {2019-10-15},
}

@Article{campuls,
  author       = {Kirsten Broderdörp and Prof. Dr. Friedwart Lender and others},
  title        = {campuls [02][2012]},
  journal      = {campuls},
  journaltitle = {Das Infomagazin der Hochschule Hof},
  year         = {2012},
  date         = {2012-02-01},
  url          = {https://www.hof-university.de/fileadmin/user_upload/hochschulkommunikation/campuls_2012_02_E-Mail.pdf},
}

@Online{fhhofwebsite,
  title        = {Hochschule Hof - University of Applied Sciences},
  year         = {2019},
  url          = {https://www.hof-university.de},
  subtitle     = {Leitbild der systemakkreditierten Hochschule Hof},
  organization = {Hochschule für angewandte Wissenschaften Hof},
  urldate      = {2019-08-13},
}

@Online{szweb,
  title        = {Sprachenzentrum},
  year         = {2019},
  url          = {https://www.hof-university.de/studierende/info-service/sprachenzentrum/},
  organization = {Hochschule für angewandte Wissenschaften Hof Sprachenzentrum},
  urldate      = {2019-09-02},
}

@Thesis{dnba,
  author      = {Dennis Brysiuk and Noah Lehmann},
  title       = {Web-basierte Hochschul-App (Bachelorarbeit)},
  institution = {Hochschule für angewandte Wissenschaften Hof},
  year        = {2019},
  subtitle    = {Modulare Web-Architektur},
}

@Book{javascript,
  author    = {Christian Wenz},
  title     = {JavaScript},
  year      = {2014},
  subtitle  = {Grundlagen, Programmierung, Praxis},
  publisher = {Galileo Press},
}

@Book{php,
  author    = {Christian Wenz, Tobias Hauser},
  title     = {PHP 7 und MySQL},
  year      = {2019},
  subtitle  = {Das umfassende Handbuch},
  publisher = {Rheinwerk Verlag},
}

@Book{java,
  author    = {Christian Ullenboom},
  title     = {Java ist auch eine Insel},
  year      = {2019},
  subtitle  = {Einführung, Ausbildung, Praxis},
  publisher = {Rheinwerk Verlag},
}

@Book{spring,
  author    = {Eberhard Wolff},
  title     = {Spring 2},
  year      = {2007},
  subtitle  = {Framework für die Java-Entwicklung},
  publisher = {dpunkt.verlag GmbH},
}

@Book{xtreme,
  author    = {Richard Hightower, Warner Onstine, Paul Visan, Damon Payne, Joseph D. Gradecki},
  title     = {Professional Java Tools for Extreme Programming},
  year      = {2004},
  subtitle  = {Ant, XDocklet, JUnit, Cactus and Maven},
  publisher = {Wiley Publishing Inc,},
}

@Book{git,
  author    = {René Preißel, Bjørn Stachmann},
  title     = {Git},
  year      = {2019},
  subtitle  = {Dezentrale Versionsverwaltung im Team, Grundlagen und Workflows},
  publisher = {dpunkt.verlag GmbH},
}

@Online{pypl,
  title = {PYPL PopularitY of Programming Language},
  year  = {2020},
  date  = {2020-01-04},
  url   = {http://pypl.github.io/PYPL.html},
}

@Online{jaxrs,
  title        = {Building RESTful Web Services with JAX-RS},
  year         = {2020},
  date         = {2020-01-11},
  url          = {https://docs.oracle.com/javaee/6/tutorial/doc/giepu.html},
  subtitle     = {The Java EE 6 Tutorial},
  organization = {Oracle},
}

@Online{kumuluz,
  title        = {Kumuluz EE},
  year         = {2020},
  date         = {2020-01-11},
  url          = {https://ee.kumuluz.com/},
  subtitle     = {A lightweight open-source microservice framework.},
  organization = {KumuluzDigital},
}

@Online{spring_boot,
  title        = {Spring Boot},
  year         = {2020},
  date         = {2020-01-11},
  url          = {https://spring.io/projects/spring-boot},
  organization = {Pivotal Software},
}

@Online{struts,
  title        = {Apache Struts},
  year         = {2020},
  date         = {2020-01-11},
  url          = {https://struts.apache.org/},
  organization = {The Apache Software Foundation},
}

@Online{jersey,
  title        = {Jersey},
  year         = {2020},
  date         = {2020-01-11},
  url          = {https://eclipse-ee4j.github.io/jersey/},
  organization = {Eclipse Foundation},
}

@Online{initializr,
  title        = {Spring Initializr},
  year         = {2020},
  date         = {2020-01-12},
  url          = {https://start.spring.io/index.html},
  subtitle     = {Bootstrap your application},
  organization = {Spring Initializr and Pivotal Web Services},
}

@Online{gradle,
  title        = {What is Gradle?},
  year         = {2020},
  date         = {2020-01-12},
  url          = {https://docs.gradle.org/current/userguide/what_is_gradle.html},
  subtitle     = {Gradle 6.0.1},
  organization = {Gradle Inc.},
}

@Online{intellij,
  title        = {IntelliJ IDEA},
  year         = {2020},
  date         = {2020-01-18},
  url          = {https://www.jetbrains.com/de-de/idea/},
  subtitle     = {Die Java-IDE von Jetbrains für professionelle Entwickler},
  organization = {JetBrains s.r.o.},
  urldate      = {2020-01-18},
}

@Online{ultimate,
  title        = {Jetbrains},
  year         = {2020},
  date         = {2020-01-18},
  url          = {https://www.jetbrains.com/student/license_educational.html},
  subtitle     = {TOOLBOX SUBSCRIPTION AGREEMENT FOR EDUCATION},
  organization = {JetBrains s.r.o.},
  urldate      = {2020-01-18},
}

@Online{lombok,
  title        = {Project Lombok},
  year         = {2020},
  date         = {2020-01-18},
  url          = {https://projectlombok.org/},
  organization = {The Project Lombok Authors},
  urldate      = {2020-01-18},
}

@Online{jpa_oracle,
  title        = {Entities},
  year         = {2020},
  date         = {2020-01-19},
  url          = {https://docs.oracle.com/javaee/6/tutorial/doc/bnbqa.html},
  subtitle     = {The Java \ac{EE} 6 Tutorial},
  organization = {Oracle},
  urldate      = {2020-01-19},
}

@Online{controller_test,
  title   = {Testing Spring MVC Web Controllers with @WebMvcTest},
  year    = {2020},
  date    = {2020-01-24},
  url     = {https://reflectoring.io/spring-boot-web-controller-test},
  urldate = {2020-01-24},
}

@Online{spring-boot-testing,
  title        = {Testing in Spring Boot},
  year         = {2020},
  date         = {2020-01-25},
  url          = {https://www.baeldung.com/spring-boot-testing},
  organization = {Baeldung},
  urldate      = {2020-01-25},
}

@Online{hateoas_issue,
  title        = {spring-projects/spring-hateoas},
  year         = {2020},
  date         = {2020-01-26},
  url          = {https://github.com/spring-projects/spring-hateoas/issues/731},
  subtitle     = {Issues 731},
  organization = {GitHub, Inc},
  urldate      = {2020-01-26},
}

@Online{swagger_issue,
  title        = {springfox/springfox},
  year         = {2020},
  date         = {2020-01-26},
  url          = {https://github.com/springfox/springfox/issues/2932},
  subtitle     = {Issues 2932},
  organization = {Github, Inc},
  urldate      = {2020-01-26},
}

@Online{spring_issue,
  title        = {spring-projects/spring-hateoas},
  year         = {2020},
  date         = {2020-01-26},
  url          = {https://github.com/spring-projects/spring-hateoas/issues/1094},
  subtitle     = {Issues 1094},
  organization = {GitHub, Inc},
  urldate      = {2020-01-26},
}

@Online{trello,
  title        = {Trello},
  year         = {2020},
  date         = {2020-01-26},
  url          = {https://trello.com/},
  organization = {Atlassian},
  urldate      = {2020-01-26},
}

@Online{firebase_home,
  title = {Firebase console},
  date  = {2020-01-26},
  url   = {https://console.firebase.google.com},
}

@Online{cloud_discovery,
  title = {Open-Source Service Discovery},
  date  = {2020-01-27},
  url   = {http://jasonwilder.com/blog/2014/02/04/service-discovery-in-the-cloud/},
}

@Online{webpush,
  title = {Sending Web Push Notifications with Java},
  date  = {2020-01-27},
  url   = {https://golb.hplar.ch/2019/08/webpush-java.html},
}

@Comment{jabref-meta: databaseType:biblatex;}
